
@book{introductionIR,
    title     = "Introduction to Information Retrieval",
    author    = "Christopher D. Manning, Prabhakar Raghavan e Hinrich Schütze",
    year      = "2008",
    publisher = "Cambridge University Press"
}

@book{luceneaction,
    title     = "Lucene in Action, Second Edition",
    author    = "Michael McCandless, Erik Hatcher, and Otis Gospodnetić",
    year      = "2010",
    publisher = "Manning Publications"
}

@book{solraction,
    title     = "Solr in Action",
    author    = "Trey Grainger and Timothy Potter",
    year      = "2014  ",
    publisher = "Manning Publications"
}

@manual{solrmanual,
    title = "Apache {Solr} Reference Guide (version 7.4)",
	url = "https://lucene.apache.org/solr/guide/7_4/index.html",
}


@article{datigoogle,
  title = "Dati delle ricerche {Google} a livello mondiale",
    year = "2017",
  url = "https://www.matteogiovanelli.it/dati-google-a-livello-mondiale.html"
}

@article{bm25_osc,
	title = {{BM25} The Next Generation of {Lucene} Relevance},	
	url = "https://opensourceconnections.com/blog/2015/10/16/bm25-the-next-generation-of-lucene-relevation/"
}

@article{partialmatchingangolia,
	title = "Algolia For Consumer-Grade Search Part 2: Relevance Isn’t Luck",	
	url = "https://blog.algolia.com/algolia-v-elasticsearch-relevance/"
}

@manual{elasticstemming,
	title = "Choosing a Stemmer",
    url = "https://www.elastic.co/guide/en/elasticsearch/guide/current/choosing-a-stemmer.html",
    author = "Elasticsearch"
}

@manual{solrperformanceproblem,
	title = "Solr Performance Problems",	
	url = {https://wiki.apache.org/solr/SolrPerformanceProblems},
    author = "Apache Foundation"
}


